%YAML 1.1
%TAG !u! tag:unity3d.com,2011:
--- !u!29 &1
OcclusionCullingSettings:
  m_ObjectHideFlags: 0
  serializedVersion: 2
  m_OcclusionBakeSettings:
    smallestOccluder: 5
    smallestHole: 0.25
    backfaceThreshold: 100
  m_SceneGUID: 00000000000000000000000000000000
  m_OcclusionCullingData: {fileID: 0}
--- !u!104 &2
RenderSettings:
  m_ObjectHideFlags: 0
  serializedVersion: 8
  m_Fog: 0
  m_FogColor: {r: 0.5, g: 0.5, b: 0.5, a: 1}
  m_FogMode: 3
  m_FogDensity: 0.01
  m_LinearFogStart: 0
  m_LinearFogEnd: 300
  m_AmbientSkyColor: {r: 0.212, g: 0.227, b: 0.259, a: 1}
  m_AmbientEquatorColor: {r: 0.114, g: 0.125, b: 0.133, a: 1}
  m_AmbientGroundColor: {r: 0.047, g: 0.043, b: 0.035, a: 1}
  m_AmbientIntensity: 1
  m_AmbientMode: 0
  m_SubtractiveShadowColor: {r: 0.42, g: 0.478, b: 0.627, a: 1}
  m_SkyboxMaterial: {fileID: 10304, guid: 0000000000000000f000000000000000, type: 0}
  m_HaloStrength: 0.5
  m_FlareStrength: 1
  m_FlareFadeSpeed: 3
  m_HaloTexture: {fileID: 0}
  m_SpotCookie: {fileID: 10001, guid: 0000000000000000e000000000000000, type: 0}
  m_DefaultReflectionMode: 0
  m_DefaultReflectionResolution: 128
  m_ReflectionBounces: 1
  m_ReflectionIntensity: 1
  m_CustomReflection: {fileID: 0}
  m_Sun: {fileID: 0}
  m_IndirectSpecularColor: {r: 0.44658017, g: 0.49641502, b: 0.57482153, a: 1}
--- !u!157 &3
LightmapSettings:
  m_ObjectHideFlags: 0
  serializedVersion: 11
  m_GIWorkflowMode: 0
  m_GISettings:
    serializedVersion: 2
    m_BounceScale: 1
    m_IndirectOutputScale: 1
    m_AlbedoBoost: 1
    m_TemporalCoherenceThreshold: 1
    m_EnvironmentLightingMode: 0
    m_EnableBakedLightmaps: 1
    m_EnableRealtimeLightmaps: 1
  m_LightmapEditorSettings:
    serializedVersion: 9
    m_Resolution: 2
    m_BakeResolution: 40
    m_TextureWidth: 1024
    m_TextureHeight: 1024
    m_AO: 0
    m_AOMaxDistance: 1
    m_CompAOExponent: 1
    m_CompAOExponentDirect: 0
    m_Padding: 2
    m_LightmapParameters: {fileID: 0}
    m_LightmapsBakeMode: 1
    m_TextureCompression: 1
    m_FinalGather: 0
    m_FinalGatherFiltering: 1
    m_FinalGatherRayCount: 256
    m_ReflectionCompression: 2
    m_MixedBakeMode: 2
    m_BakeBackend: 0
    m_PVRSampling: 1
    m_PVRDirectSampleCount: 32
    m_PVRSampleCount: 500
    m_PVRBounces: 2
    m_PVRFilterTypeDirect: 0
    m_PVRFilterTypeIndirect: 0
    m_PVRFilterTypeAO: 0
    m_PVRFilteringMode: 1
    m_PVRCulling: 1
    m_PVRFilteringGaussRadiusDirect: 1
    m_PVRFilteringGaussRadiusIndirect: 5
    m_PVRFilteringGaussRadiusAO: 2
    m_PVRFilteringAtrousPositionSigmaDirect: 0.5
    m_PVRFilteringAtrousPositionSigmaIndirect: 2
    m_PVRFilteringAtrousPositionSigmaAO: 1
  m_LightingDataAsset: {fileID: 0}
  m_UseShadowmask: 1
--- !u!196 &4
NavMeshSettings:
  serializedVersion: 2
  m_ObjectHideFlags: 0
  m_BuildSettings:
    serializedVersion: 2
    agentTypeID: 0
    agentRadius: 0.5
    agentHeight: 2
    agentSlope: 45
    agentClimb: 0.4
    ledgeDropHeight: 0
    maxJumpAcrossDistance: 0
    minRegionArea: 2
    manualCellSize: 0
    cellSize: 0.16666667
    manualTileSize: 0
    tileSize: 256
    accuratePlacement: 0
  m_NavMeshData: {fileID: 0}
--- !u!1 &47783752
GameObject:
  m_ObjectHideFlags: 0
  m_PrefabParentObject: {fileID: 0}
  m_PrefabInternal: {fileID: 0}
  serializedVersion: 5
  m_Component:
  - component: {fileID: 47783753}
  - component: {fileID: 47783755}
  - component: {fileID: 47783754}
  m_Layer: 5
  m_Name: whichPlayerTurn
  m_TagString: Untagged
  m_Icon: {fileID: 0}
  m_NavMeshLayer: 0
  m_StaticEditorFlags: 0
  m_IsActive: 1
--- !u!224 &47783753
RectTransform:
  m_ObjectHideFlags: 0
  m_PrefabParentObject: {fileID: 0}
  m_PrefabInternal: {fileID: 0}
  m_GameObject: {fileID: 47783752}
  m_LocalRotation: {x: 0, y: 0, z: 0, w: 1}
  m_LocalPosition: {x: 0, y: 0, z: 0}
  m_LocalScale: {x: 1, y: 1, z: 1}
  m_Children: []
  m_Father: {fileID: 1657520784}
  m_RootOrder: 0
  m_LocalEulerAnglesHint: {x: 0, y: 0, z: 0}
  m_AnchorMin: {x: 0.5, y: 0.5}
  m_AnchorMax: {x: 0.5, y: 0.5}
  m_AnchoredPosition: {x: 0, y: 0}
  m_SizeDelta: {x: 160, y: 30}
  m_Pivot: {x: 0.5, y: 0.5}
--- !u!114 &47783754
MonoBehaviour:
  m_ObjectHideFlags: 0
  m_PrefabParentObject: {fileID: 0}
  m_PrefabInternal: {fileID: 0}
  m_GameObject: {fileID: 47783752}
  m_Enabled: 1
  m_EditorHideFlags: 0
  m_Script: {fileID: 708705254, guid: f70555f144d8491a825f0804e09c671c, type: 3}
  m_Name: 
  m_EditorClassIdentifier: 
  m_Material: {fileID: 0}
  m_Color: {r: 0.19607843, g: 0.19607843, b: 0.19607843, a: 1}
  m_RaycastTarget: 1
  m_OnCullStateChanged:
    m_PersistentCalls:
      m_Calls: []
    m_TypeName: UnityEngine.UI.MaskableGraphic+CullStateChangedEvent, UnityEngine.UI,
      Version=1.0.0.0, Culture=neutral, PublicKeyToken=null
  m_FontData:
    m_Font: {fileID: 10102, guid: 0000000000000000e000000000000000, type: 0}
    m_FontSize: 14
    m_FontStyle: 0
    m_BestFit: 0
    m_MinSize: 10
    m_MaxSize: 40
    m_Alignment: 0
    m_AlignByGeometry: 0
    m_RichText: 1
    m_HorizontalOverflow: 0
    m_VerticalOverflow: 0
    m_LineSpacing: 1
  m_Text: New Text
--- !u!222 &47783755
CanvasRenderer:
  m_ObjectHideFlags: 0
  m_PrefabParentObject: {fileID: 0}
  m_PrefabInternal: {fileID: 0}
  m_GameObject: {fileID: 47783752}
--- !u!4 &60336695 stripped
Transform:
  m_PrefabParentObject: {fileID: 4070441138494804, guid: eb3df466d0920a84e9d43ac40419d4d8,
    type: 2}
  m_PrefabInternal: {fileID: 321767403}
--- !u!4 &74482969 stripped
Transform:
  m_PrefabParentObject: {fileID: 4070441138494804, guid: eb3df466d0920a84e9d43ac40419d4d8,
    type: 2}
  m_PrefabInternal: {fileID: 1963988342}
--- !u!4 &75055144 stripped
Transform:
  m_PrefabParentObject: {fileID: 4009526583823958, guid: 6a2e2a8ed38700443a94ae89d8c59b0f,
    type: 2}
  m_PrefabInternal: {fileID: 1627085818}
--- !u!4 &142379731 stripped
Transform:
  m_PrefabParentObject: {fileID: 4388096069026880, guid: 8d66e2365930c93489180c473f2ea322,
    type: 2}
  m_PrefabInternal: {fileID: 467814644}
--- !u!1001 &198252360
Prefab:
  m_ObjectHideFlags: 0
  serializedVersion: 2
  m_Modification:
    m_TransformParent: {fileID: 0}
    m_Modifications:
    - target: {fileID: 4520261123146928, guid: 6f2ff6e1759c00a4380213af256380cf, type: 2}
      propertyPath: m_LocalPosition.x
      value: -2.6941116
      objectReference: {fileID: 0}
    - target: {fileID: 4520261123146928, guid: 6f2ff6e1759c00a4380213af256380cf, type: 2}
      propertyPath: m_LocalPosition.y
      value: -1.1974316
      objectReference: {fileID: 0}
    - target: {fileID: 4520261123146928, guid: 6f2ff6e1759c00a4380213af256380cf, type: 2}
      propertyPath: m_LocalPosition.z
      value: 16.666624
      objectReference: {fileID: 0}
    - target: {fileID: 4520261123146928, guid: 6f2ff6e1759c00a4380213af256380cf, type: 2}
      propertyPath: m_LocalRotation.x
      value: 0
      objectReference: {fileID: 0}
    - target: {fileID: 4520261123146928, guid: 6f2ff6e1759c00a4380213af256380cf, type: 2}
      propertyPath: m_LocalRotation.y
      value: 0
      objectReference: {fileID: 0}
    - target: {fileID: 4520261123146928, guid: 6f2ff6e1759c00a4380213af256380cf, type: 2}
      propertyPath: m_LocalRotation.z
      value: 0
      objectReference: {fileID: 0}
    - target: {fileID: 4520261123146928, guid: 6f2ff6e1759c00a4380213af256380cf, type: 2}
      propertyPath: m_LocalRotation.w
      value: 1
      objectReference: {fileID: 0}
    - target: {fileID: 4520261123146928, guid: 6f2ff6e1759c00a4380213af256380cf, type: 2}
      propertyPath: m_RootOrder
      value: 5
      objectReference: {fileID: 0}
    - target: {fileID: 1606922453306468, guid: 6f2ff6e1759c00a4380213af256380cf, type: 2}
      propertyPath: m_Name
      value: YellowWarrior
      objectReference: {fileID: 0}
    - target: {fileID: 1727908358137342, guid: 6f2ff6e1759c00a4380213af256380cf, type: 2}
      propertyPath: m_Name
      value: BlueWarrior
      objectReference: {fileID: 0}
    - target: {fileID: 4672648693089046, guid: 6f2ff6e1759c00a4380213af256380cf, type: 2}
      propertyPath: m_LocalPosition.y
      value: -1.1
      objectReference: {fileID: 0}
    - target: {fileID: 4672648693089046, guid: 6f2ff6e1759c00a4380213af256380cf, type: 2}
      propertyPath: m_LocalPosition.x
      value: 11.6
      objectReference: {fileID: 0}
    - target: {fileID: 4656130280351328, guid: 6f2ff6e1759c00a4380213af256380cf, type: 2}
      propertyPath: m_LocalPosition.y
      value: 5.98
      objectReference: {fileID: 0}
    - target: {fileID: 4656130280351328, guid: 6f2ff6e1759c00a4380213af256380cf, type: 2}
      propertyPath: m_LocalPosition.x
      value: 9.46
      objectReference: {fileID: 0}
    - target: {fileID: 4754587866739966, guid: 6f2ff6e1759c00a4380213af256380cf, type: 2}
      propertyPath: m_LocalPosition.x
      value: -6.11
      objectReference: {fileID: 0}
    - target: {fileID: 4754587866739966, guid: 6f2ff6e1759c00a4380213af256380cf, type: 2}
      propertyPath: m_LocalPosition.y
      value: -1.1
      objectReference: {fileID: 0}
    - target: {fileID: 4944190449148062, guid: 6f2ff6e1759c00a4380213af256380cf, type: 2}
      propertyPath: m_LocalPosition.y
      value: 2.4
      objectReference: {fileID: 0}
    - target: {fileID: 4944190449148062, guid: 6f2ff6e1759c00a4380213af256380cf, type: 2}
      propertyPath: m_LocalPosition.x
      value: -5.54
      objectReference: {fileID: 0}
    - target: {fileID: 4755281120235246, guid: 6f2ff6e1759c00a4380213af256380cf, type: 2}
      propertyPath: m_LocalPosition.y
      value: 6.56
      objectReference: {fileID: 0}
    - target: {fileID: 4755281120235246, guid: 6f2ff6e1759c00a4380213af256380cf, type: 2}
      propertyPath: m_LocalPosition.x
      value: -3.54
      objectReference: {fileID: 0}
    - target: {fileID: 4672648693089046, guid: 6f2ff6e1759c00a4380213af256380cf, type: 2}
      propertyPath: m_LocalPosition.z
      value: 0
      objectReference: {fileID: 0}
    - target: {fileID: 4816206422899430, guid: 6f2ff6e1759c00a4380213af256380cf, type: 2}
      propertyPath: m_LocalPosition.z
      value: 0
      objectReference: {fileID: 0}
    - target: {fileID: 4656130280351328, guid: 6f2ff6e1759c00a4380213af256380cf, type: 2}
      propertyPath: m_LocalPosition.z
      value: 0
      objectReference: {fileID: 0}
    - target: {fileID: 4754587866739966, guid: 6f2ff6e1759c00a4380213af256380cf, type: 2}
      propertyPath: m_LocalPosition.z
      value: 0
      objectReference: {fileID: 0}
    - target: {fileID: 4944190449148062, guid: 6f2ff6e1759c00a4380213af256380cf, type: 2}
      propertyPath: m_LocalPosition.z
      value: 0
      objectReference: {fileID: 0}
    - target: {fileID: 4755281120235246, guid: 6f2ff6e1759c00a4380213af256380cf, type: 2}
      propertyPath: m_LocalPosition.z
      value: 0
      objectReference: {fileID: 0}
    - target: {fileID: 4816206422899430, guid: 6f2ff6e1759c00a4380213af256380cf, type: 2}
      propertyPath: m_LocalPosition.y
      value: 2.42
      objectReference: {fileID: 0}
    - target: {fileID: 4816206422899430, guid: 6f2ff6e1759c00a4380213af256380cf, type: 2}
      propertyPath: m_LocalPosition.x
      value: 10.86
      objectReference: {fileID: 0}
    m_RemovedComponents: []
  m_ParentPrefab: {fileID: 100100000, guid: 6f2ff6e1759c00a4380213af256380cf, type: 2}
  m_IsPrefabParent: 0
--- !u!114 &306046880 stripped
MonoBehaviour:
  m_PrefabParentObject: {fileID: 114254351148248722, guid: 6f2ff6e1759c00a4380213af256380cf,
    type: 2}
  m_PrefabInternal: {fileID: 198252360}
  m_Script: {fileID: 11500000, guid: 59db09b53cc7b844a8edc72c77c66865, type: 3}
--- !u!1001 &321767403
Prefab:
  m_ObjectHideFlags: 0
  serializedVersion: 2
  m_Modification:
    m_TransformParent: {fileID: 1098818793}
    m_Modifications:
    - target: {fileID: 4070441138494804, guid: eb3df466d0920a84e9d43ac40419d4d8, type: 2}
      propertyPath: m_LocalPosition.x
      value: 7.5
      objectReference: {fileID: 0}
    - target: {fileID: 4070441138494804, guid: eb3df466d0920a84e9d43ac40419d4d8, type: 2}
      propertyPath: m_LocalPosition.y
      value: 22.97
      objectReference: {fileID: 0}
    - target: {fileID: 4070441138494804, guid: eb3df466d0920a84e9d43ac40419d4d8, type: 2}
      propertyPath: m_LocalPosition.z
      value: 0
      objectReference: {fileID: 0}
    - target: {fileID: 4070441138494804, guid: eb3df466d0920a84e9d43ac40419d4d8, type: 2}
      propertyPath: m_LocalRotation.x
      value: -0
      objectReference: {fileID: 0}
    - target: {fileID: 4070441138494804, guid: eb3df466d0920a84e9d43ac40419d4d8, type: 2}
      propertyPath: m_LocalRotation.y
      value: -0
      objectReference: {fileID: 0}
    - target: {fileID: 4070441138494804, guid: eb3df466d0920a84e9d43ac40419d4d8, type: 2}
      propertyPath: m_LocalRotation.z
      value: -0
      objectReference: {fileID: 0}
    - target: {fileID: 4070441138494804, guid: eb3df466d0920a84e9d43ac40419d4d8, type: 2}
      propertyPath: m_LocalRotation.w
      value: 1
      objectReference: {fileID: 0}
    - target: {fileID: 4070441138494804, guid: eb3df466d0920a84e9d43ac40419d4d8, type: 2}
      propertyPath: m_RootOrder
      value: 18
      objectReference: {fileID: 0}
    - target: {fileID: 4070441138494804, guid: eb3df466d0920a84e9d43ac40419d4d8, type: 2}
      propertyPath: m_LocalEulerAnglesHint.z
      value: 0
      objectReference: {fileID: 0}
    - target: {fileID: 4070441138494804, guid: eb3df466d0920a84e9d43ac40419d4d8, type: 2}
      propertyPath: m_LocalScale.x
      value: 3.1348214
      objectReference: {fileID: 0}
    - target: {fileID: 1590079792597038, guid: eb3df466d0920a84e9d43ac40419d4d8, type: 2}
      propertyPath: m_Name
      value: One-Sided Platform (8)
      objectReference: {fileID: 0}
    m_RemovedComponents: []
  m_ParentPrefab: {fileID: 100100000, guid: eb3df466d0920a84e9d43ac40419d4d8, type: 2}
  m_IsPrefabParent: 0
--- !u!1001 &324603657
Prefab:
  m_ObjectHideFlags: 0
  serializedVersion: 2
  m_Modification:
    m_TransformParent: {fileID: 0}
    m_Modifications:
    - target: {fileID: 4869206288612548, guid: d65f321a75865374a880c4a2961e543d, type: 2}
      propertyPath: m_LocalPosition.x
      value: 0
      objectReference: {fileID: 0}
    - target: {fileID: 4869206288612548, guid: d65f321a75865374a880c4a2961e543d, type: 2}
      propertyPath: m_LocalPosition.y
      value: 1
      objectReference: {fileID: 0}
    - target: {fileID: 4869206288612548, guid: d65f321a75865374a880c4a2961e543d, type: 2}
      propertyPath: m_LocalPosition.z
      value: -0.55
      objectReference: {fileID: 0}
    - target: {fileID: 4869206288612548, guid: d65f321a75865374a880c4a2961e543d, type: 2}
      propertyPath: m_LocalRotation.x
      value: 0
      objectReference: {fileID: 0}
    - target: {fileID: 4869206288612548, guid: d65f321a75865374a880c4a2961e543d, type: 2}
      propertyPath: m_LocalRotation.y
      value: 0
      objectReference: {fileID: 0}
    - target: {fileID: 4869206288612548, guid: d65f321a75865374a880c4a2961e543d, type: 2}
      propertyPath: m_LocalRotation.z
      value: 0
      objectReference: {fileID: 0}
    - target: {fileID: 4869206288612548, guid: d65f321a75865374a880c4a2961e543d, type: 2}
      propertyPath: m_LocalRotation.w
      value: 1
      objectReference: {fileID: 0}
    - target: {fileID: 4869206288612548, guid: d65f321a75865374a880c4a2961e543d, type: 2}
      propertyPath: m_RootOrder
      value: 1
      objectReference: {fileID: 0}
    - target: {fileID: 1843412742801356, guid: d65f321a75865374a880c4a2961e543d, type: 2}
      propertyPath: m_Name
      value: Main Camera
      objectReference: {fileID: 0}
    - target: {fileID: 20847652702058486, guid: d65f321a75865374a880c4a2961e543d,
        type: 2}
      propertyPath: orthographic size
      value: 8.5
      objectReference: {fileID: 0}
    m_RemovedComponents: []
  m_ParentPrefab: {fileID: 100100000, guid: d65f321a75865374a880c4a2961e543d, type: 2}
  m_IsPrefabParent: 0
--- !u!114 &332185597 stripped
MonoBehaviour:
  m_PrefabParentObject: {fileID: 114848625685088518, guid: 6f2ff6e1759c00a4380213af256380cf,
    type: 2}
  m_PrefabInternal: {fileID: 198252360}
  m_Script: {fileID: 11500000, guid: 59db09b53cc7b844a8edc72c77c66865, type: 3}
--- !u!114 &381984513 stripped
MonoBehaviour:
  m_PrefabParentObject: {fileID: 114746705198136602, guid: 6f2ff6e1759c00a4380213af256380cf,
    type: 2}
  m_PrefabInternal: {fileID: 198252360}
  m_Script: {fileID: 11500000, guid: 59db09b53cc7b844a8edc72c77c66865, type: 3}
--- !u!1001 &399437681
Prefab:
  m_ObjectHideFlags: 0
  serializedVersion: 2
  m_Modification:
    m_TransformParent: {fileID: 1098818793}
    m_Modifications:
    - target: {fileID: 4009526583823958, guid: 6a2e2a8ed38700443a94ae89d8c59b0f, type: 2}
      propertyPath: m_LocalPosition.x
      value: -5.4
      objectReference: {fileID: 0}
    - target: {fileID: 4009526583823958, guid: 6a2e2a8ed38700443a94ae89d8c59b0f, type: 2}
      propertyPath: m_LocalPosition.y
      value: 13.6
      objectReference: {fileID: 0}
    - target: {fileID: 4009526583823958, guid: 6a2e2a8ed38700443a94ae89d8c59b0f, type: 2}
      propertyPath: m_LocalPosition.z
      value: 0
      objectReference: {fileID: 0}
    - target: {fileID: 4009526583823958, guid: 6a2e2a8ed38700443a94ae89d8c59b0f, type: 2}
      propertyPath: m_LocalRotation.x
      value: -0
      objectReference: {fileID: 0}
    - target: {fileID: 4009526583823958, guid: 6a2e2a8ed38700443a94ae89d8c59b0f, type: 2}
      propertyPath: m_LocalRotation.y
      value: -0
      objectReference: {fileID: 0}
    - target: {fileID: 4009526583823958, guid: 6a2e2a8ed38700443a94ae89d8c59b0f, type: 2}
      propertyPath: m_LocalRotation.z
      value: -0
      objectReference: {fileID: 0}
    - target: {fileID: 4009526583823958, guid: 6a2e2a8ed38700443a94ae89d8c59b0f, type: 2}
      propertyPath: m_LocalRotation.w
      value: 1
      objectReference: {fileID: 0}
    - target: {fileID: 4009526583823958, guid: 6a2e2a8ed38700443a94ae89d8c59b0f, type: 2}
      propertyPath: m_RootOrder
      value: 14
      objectReference: {fileID: 0}
    - target: {fileID: 4009526583823958, guid: 6a2e2a8ed38700443a94ae89d8c59b0f, type: 2}
      propertyPath: m_LocalScale.x
      value: 3.65625
      objectReference: {fileID: 0}
    - target: {fileID: 1379732625070340, guid: 6a2e2a8ed38700443a94ae89d8c59b0f, type: 2}
      propertyPath: m_Name
      value: BrickPlatform (1)
      objectReference: {fileID: 0}
    m_RemovedComponents: []
  m_ParentPrefab: {fileID: 100100000, guid: 6a2e2a8ed38700443a94ae89d8c59b0f, type: 2}
  m_IsPrefabParent: 0
--- !u!4 &409420141 stripped
Transform:
  m_PrefabParentObject: {fileID: 4388096069026880, guid: 8d66e2365930c93489180c473f2ea322,
    type: 2}
  m_PrefabInternal: {fileID: 1319331923}
--- !u!1001 &467814644
Prefab:
  m_ObjectHideFlags: 0
  serializedVersion: 2
  m_Modification:
    m_TransformParent: {fileID: 1098818793}
    m_Modifications:
    - target: {fileID: 4388096069026880, guid: 8d66e2365930c93489180c473f2ea322, type: 2}
      propertyPath: m_LocalPosition.x
      value: -10.89
      objectReference: {fileID: 0}
    - target: {fileID: 4388096069026880, guid: 8d66e2365930c93489180c473f2ea322, type: 2}
      propertyPath: m_LocalPosition.y
      value: 9.98
      objectReference: {fileID: 0}
    - target: {fileID: 4388096069026880, guid: 8d66e2365930c93489180c473f2ea322, type: 2}
      propertyPath: m_LocalPosition.z
      value: 0
      objectReference: {fileID: 0}
    - target: {fileID: 4388096069026880, guid: 8d66e2365930c93489180c473f2ea322, type: 2}
      propertyPath: m_LocalRotation.x
      value: -0
      objectReference: {fileID: 0}
    - target: {fileID: 4388096069026880, guid: 8d66e2365930c93489180c473f2ea322, type: 2}
      propertyPath: m_LocalRotation.y
      value: 0
      objectReference: {fileID: 0}
    - target: {fileID: 4388096069026880, guid: 8d66e2365930c93489180c473f2ea322, type: 2}
      propertyPath: m_LocalRotation.z
      value: -0.17364825
      objectReference: {fileID: 0}
    - target: {fileID: 4388096069026880, guid: 8d66e2365930c93489180c473f2ea322, type: 2}
      propertyPath: m_LocalRotation.w
      value: 0.9848078
      objectReference: {fileID: 0}
    - target: {fileID: 4388096069026880, guid: 8d66e2365930c93489180c473f2ea322, type: 2}
      propertyPath: m_RootOrder
      value: 12
      objectReference: {fileID: 0}
    - target: {fileID: 4388096069026880, guid: 8d66e2365930c93489180c473f2ea322, type: 2}
      propertyPath: m_LocalEulerAnglesHint.z
      value: -20
      objectReference: {fileID: 0}
    - target: {fileID: 4388096069026880, guid: 8d66e2365930c93489180c473f2ea322, type: 2}
      propertyPath: m_LocalScale.x
      value: 2.4375186
      objectReference: {fileID: 0}
    m_RemovedComponents: []
  m_ParentPrefab: {fileID: 100100000, guid: 8d66e2365930c93489180c473f2ea322, type: 2}
  m_IsPrefabParent: 0
--- !u!4 &481396044 stripped
Transform:
  m_PrefabParentObject: {fileID: 4457254530300670, guid: 518461df677c31244859bd6293875fdd,
    type: 2}
  m_PrefabInternal: {fileID: 1994903782}
--- !u!1001 &484731345
Prefab:
  m_ObjectHideFlags: 0
  serializedVersion: 2
  m_Modification:
    m_TransformParent: {fileID: 0}
    m_Modifications:
    - target: {fileID: 114495737497878128, guid: 7b5e66e8254d4ba46adcba5dd60049f9,
        type: 2}
      propertyPath: warriorsListsForPlayers.Array.data[0].warriors.Array.size
      value: 3
      objectReference: {fileID: 0}
    - target: {fileID: 114495737497878128, guid: 7b5e66e8254d4ba46adcba5dd60049f9,
        type: 2}
      propertyPath: warriorsListsForPlayers.Array.data[1].warriors.Array.size
      value: 3
      objectReference: {fileID: 0}
    - target: {fileID: 4001985475050950, guid: 7b5e66e8254d4ba46adcba5dd60049f9, type: 2}
      propertyPath: m_LocalPosition.x
      value: -0.55924153
      objectReference: {fileID: 0}
    - target: {fileID: 4001985475050950, guid: 7b5e66e8254d4ba46adcba5dd60049f9, type: 2}
      propertyPath: m_LocalPosition.y
      value: 1.6280785
      objectReference: {fileID: 0}
    - target: {fileID: 4001985475050950, guid: 7b5e66e8254d4ba46adcba5dd60049f9, type: 2}
      propertyPath: m_LocalPosition.z
      value: 10.994703
      objectReference: {fileID: 0}
    - target: {fileID: 4001985475050950, guid: 7b5e66e8254d4ba46adcba5dd60049f9, type: 2}
      propertyPath: m_LocalRotation.x
      value: 0
      objectReference: {fileID: 0}
    - target: {fileID: 4001985475050950, guid: 7b5e66e8254d4ba46adcba5dd60049f9, type: 2}
      propertyPath: m_LocalRotation.y
      value: 0
      objectReference: {fileID: 0}
    - target: {fileID: 4001985475050950, guid: 7b5e66e8254d4ba46adcba5dd60049f9, type: 2}
      propertyPath: m_LocalRotation.z
      value: 0
      objectReference: {fileID: 0}
    - target: {fileID: 4001985475050950, guid: 7b5e66e8254d4ba46adcba5dd60049f9, type: 2}
      propertyPath: m_LocalRotation.w
      value: 1
      objectReference: {fileID: 0}
    - target: {fileID: 4001985475050950, guid: 7b5e66e8254d4ba46adcba5dd60049f9, type: 2}
      propertyPath: m_RootOrder
      value: 2
      objectReference: {fileID: 0}
    - target: {fileID: 114495737497878128, guid: 7b5e66e8254d4ba46adcba5dd60049f9,
        type: 2}
      propertyPath: warriorsListsForPlayers.Array.data[0].warriors.Array.data[0]
      value: 
      objectReference: {fileID: 381984513}
    - target: {fileID: 114495737497878128, guid: 7b5e66e8254d4ba46adcba5dd60049f9,
        type: 2}
      propertyPath: warriorsListsForPlayers.Array.data[0].warriors.Array.data[1]
      value: 
      objectReference: {fileID: 1694019911}
    - target: {fileID: 114495737497878128, guid: 7b5e66e8254d4ba46adcba5dd60049f9,
        type: 2}
      propertyPath: warriorsListsForPlayers.Array.data[0].warriors.Array.data[2]
      value: 
      objectReference: {fileID: 306046880}
    - target: {fileID: 114495737497878128, guid: 7b5e66e8254d4ba46adcba5dd60049f9,
        type: 2}
      propertyPath: warriorsListsForPlayers.Array.data[1].warriors.Array.data[0]
      value: 
      objectReference: {fileID: 2048305811}
    - target: {fileID: 114495737497878128, guid: 7b5e66e8254d4ba46adcba5dd60049f9,
        type: 2}
      propertyPath: warriorsListsForPlayers.Array.data[1].warriors.Array.data[1]
      value: 
      objectReference: {fileID: 1470414170}
    - target: {fileID: 114495737497878128, guid: 7b5e66e8254d4ba46adcba5dd60049f9,
        type: 2}
      propertyPath: warriorsListsForPlayers.Array.data[1].warriors.Array.data[2]
      value: 
      objectReference: {fileID: 332185597}
    - target: {fileID: 114517454464689620, guid: 7b5e66e8254d4ba46adcba5dd60049f9,
        type: 2}
      propertyPath: turnChangerUi
      value: 
      objectReference: {fileID: 47783754}
    - target: {fileID: 4175412502871614, guid: 7b5e66e8254d4ba46adcba5dd60049f9, type: 2}
      propertyPath: m_LocalPosition.y
      value: -8.55
      objectReference: {fileID: 0}
    m_RemovedComponents: []
  m_ParentPrefab: {fileID: 100100000, guid: 7b5e66e8254d4ba46adcba5dd60049f9, type: 2}
  m_IsPrefabParent: 0
--- !u!4 &553258381 stripped
Transform:
  m_PrefabParentObject: {fileID: 4388096069026880, guid: 8d66e2365930c93489180c473f2ea322,
    type: 2}
  m_PrefabInternal: {fileID: 990048537}
--- !u!1001 &616573340
Prefab:
  m_ObjectHideFlags: 0
  serializedVersion: 2
  m_Modification:
    m_TransformParent: {fileID: 1098818793}
    m_Modifications:
    - target: {fileID: 4388096069026880, guid: 57cd4c6a3c2732d4eb4891d7ac543184, type: 2}
      propertyPath: m_LocalPosition.x
      value: 14
      objectReference: {fileID: 0}
    - target: {fileID: 4388096069026880, guid: 57cd4c6a3c2732d4eb4891d7ac543184, type: 2}
      propertyPath: m_LocalPosition.y
      value: 97.3
      objectReference: {fileID: 0}
    - target: {fileID: 4388096069026880, guid: 57cd4c6a3c2732d4eb4891d7ac543184, type: 2}
      propertyPath: m_LocalPosition.z
      value: 0
      objectReference: {fileID: 0}
    - target: {fileID: 4388096069026880, guid: 57cd4c6a3c2732d4eb4891d7ac543184, type: 2}
      propertyPath: m_LocalRotation.x
      value: -0
      objectReference: {fileID: 0}
    - target: {fileID: 4388096069026880, guid: 57cd4c6a3c2732d4eb4891d7ac543184, type: 2}
      propertyPath: m_LocalRotation.y
      value: -0
      objectReference: {fileID: 0}
    - target: {fileID: 4388096069026880, guid: 57cd4c6a3c2732d4eb4891d7ac543184, type: 2}
      propertyPath: m_LocalRotation.z
      value: -0
      objectReference: {fileID: 0}
    - target: {fileID: 4388096069026880, guid: 57cd4c6a3c2732d4eb4891d7ac543184, type: 2}
      propertyPath: m_LocalRotation.w
      value: 1
      objectReference: {fileID: 0}
    - target: {fileID: 4388096069026880, guid: 57cd4c6a3c2732d4eb4891d7ac543184, type: 2}
      propertyPath: m_RootOrder
      value: 2
      objectReference: {fileID: 0}
    - target: {fileID: 4388096069026880, guid: 57cd4c6a3c2732d4eb4891d7ac543184, type: 2}
      propertyPath: m_LocalScale.x
      value: 1
      objectReference: {fileID: 0}
    - target: {fileID: 4388096069026880, guid: 57cd4c6a3c2732d4eb4891d7ac543184, type: 2}
      propertyPath: m_LocalScale.y
      value: 417.3704
      objectReference: {fileID: 0}
    - target: {fileID: 1699729281203028, guid: 57cd4c6a3c2732d4eb4891d7ac543184, type: 2}
      propertyPath: m_Name
      value: SidePlatform (1)
      objectReference: {fileID: 0}
    m_RemovedComponents: []
  m_ParentPrefab: {fileID: 100100000, guid: 57cd4c6a3c2732d4eb4891d7ac543184, type: 2}
  m_IsPrefabParent: 0
--- !u!4 &637581320 stripped
Transform:
  m_PrefabParentObject: {fileID: 4070441138494804, guid: eb3df466d0920a84e9d43ac40419d4d8,
    type: 2}
  m_PrefabInternal: {fileID: 1185080894}
--- !u!4 &654626902 stripped
Transform:
  m_PrefabParentObject: {fileID: 4388096069026880, guid: 57cd4c6a3c2732d4eb4891d7ac543184,
    type: 2}
  m_PrefabInternal: {fileID: 1426774029}
--- !u!1 &781339785
GameObject:
  m_ObjectHideFlags: 0
  m_PrefabParentObject: {fileID: 0}
  m_PrefabInternal: {fileID: 0}
  serializedVersion: 5
  m_Component:
  - component: {fileID: 781339787}
  - component: {fileID: 781339786}
  m_Layer: 0
  m_Name: Directional Light
  m_TagString: Untagged
  m_Icon: {fileID: 0}
  m_NavMeshLayer: 0
  m_StaticEditorFlags: 0
  m_IsActive: 1
--- !u!108 &781339786
Light:
  m_ObjectHideFlags: 0
  m_PrefabParentObject: {fileID: 0}
  m_PrefabInternal: {fileID: 0}
  m_GameObject: {fileID: 781339785}
  m_Enabled: 1
  serializedVersion: 8
  m_Type: 1
  m_Color: {r: 1, g: 0.95686275, b: 0.8392157, a: 1}
  m_Intensity: 1
  m_Range: 10
  m_SpotAngle: 30
  m_CookieSize: 10
  m_Shadows:
    m_Type: 2
    m_Resolution: -1
    m_CustomResolution: -1
    m_Strength: 1
    m_Bias: 0.05
    m_NormalBias: 0.4
    m_NearPlane: 0.2
  m_Cookie: {fileID: 0}
  m_DrawHalo: 0
  m_Flare: {fileID: 0}
  m_RenderMode: 0
  m_CullingMask:
    serializedVersion: 2
    m_Bits: 4294967295
  m_Lightmapping: 4
  m_AreaSize: {x: 1, y: 1}
  m_BounceIntensity: 1
  m_ColorTemperature: 6570
  m_UseColorTemperature: 0
  m_ShadowRadius: 0
  m_ShadowAngle: 0
--- !u!4 &781339787
Transform:
  m_ObjectHideFlags: 0
  m_PrefabParentObject: {fileID: 0}
  m_PrefabInternal: {fileID: 0}
  m_GameObject: {fileID: 781339785}
  m_LocalRotation: {x: 0.40821788, y: -0.23456968, z: 0.10938163, w: 0.8754261}
  m_LocalPosition: {x: 0, y: 3, z: 0}
  m_LocalScale: {x: 1, y: 1, z: 1}
  m_Children: []
  m_Father: {fileID: 0}
  m_RootOrder: 2
  m_LocalEulerAnglesHint: {x: 50, y: -30, z: 0}
--- !u!1001 &842381659
Prefab:
  m_ObjectHideFlags: 0
  serializedVersion: 2
  m_Modification:
    m_TransformParent: {fileID: 1098818793}
    m_Modifications:
    - target: {fileID: 4388096069026880, guid: 8d66e2365930c93489180c473f2ea322, type: 2}
      propertyPath: m_LocalPosition.x
      value: -1.84
      objectReference: {fileID: 0}
    - target: {fileID: 4388096069026880, guid: 8d66e2365930c93489180c473f2ea322, type: 2}
      propertyPath: m_LocalPosition.y
      value: 28.75
      objectReference: {fileID: 0}
    - target: {fileID: 4388096069026880, guid: 8d66e2365930c93489180c473f2ea322, type: 2}
      propertyPath: m_LocalPosition.z
      value: 0
      objectReference: {fileID: 0}
    - target: {fileID: 4388096069026880, guid: 8d66e2365930c93489180c473f2ea322, type: 2}
      propertyPath: m_LocalRotation.x
      value: -0
      objectReference: {fileID: 0}
    - target: {fileID: 4388096069026880, guid: 8d66e2365930c93489180c473f2ea322, type: 2}
      propertyPath: m_LocalRotation.y
      value: -0
      objectReference: {fileID: 0}
    - target: {fileID: 4388096069026880, guid: 8d66e2365930c93489180c473f2ea322, type: 2}
      propertyPath: m_LocalRotation.z
      value: 0.3220198
      objectReference: {fileID: 0}
    - target: {fileID: 4388096069026880, guid: 8d66e2365930c93489180c473f2ea322, type: 2}
      propertyPath: m_LocalRotation.w
      value: 0.946733
      objectReference: {fileID: 0}
    - target: {fileID: 4388096069026880, guid: 8d66e2365930c93489180c473f2ea322, type: 2}
      propertyPath: m_RootOrder
      value: 19
      objectReference: {fileID: 0}
    - target: {fileID: 4388096069026880, guid: 8d66e2365930c93489180c473f2ea322, type: 2}
      propertyPath: m_LocalEulerAnglesHint.z
      value: 37.570004
      objectReference: {fileID: 0}
    - target: {fileID: 4388096069026880, guid: 8d66e2365930c93489180c473f2ea322, type: 2}
      propertyPath: m_LocalScale.x
      value: 2.43752
      objectReference: {fileID: 0}
    - target: {fileID: 1699729281203028, guid: 8d66e2365930c93489180c473f2ea322, type: 2}
      propertyPath: m_Name
      value: BouncyPlatform (2)
      objectReference: {fileID: 0}
    - target: {fileID: 4388096069026880, guid: 8d66e2365930c93489180c473f2ea322, type: 2}
      propertyPath: m_LocalScale.y
      value: 0.9999999
      objectReference: {fileID: 0}
    m_RemovedComponents: []
  m_ParentPrefab: {fileID: 100100000, guid: 8d66e2365930c93489180c473f2ea322, type: 2}
  m_IsPrefabParent: 0
--- !u!1001 &873586893
Prefab:
  m_ObjectHideFlags: 0
  serializedVersion: 2
  m_Modification:
    m_TransformParent: {fileID: 1098818793}
    m_Modifications:
    - target: {fileID: 4070441138494804, guid: eb3df466d0920a84e9d43ac40419d4d8, type: 2}
      propertyPath: m_LocalPosition.x
      value: -7.5
      objectReference: {fileID: 0}
    - target: {fileID: 4070441138494804, guid: eb3df466d0920a84e9d43ac40419d4d8, type: 2}
      propertyPath: m_LocalPosition.y
      value: 22.97
      objectReference: {fileID: 0}
    - target: {fileID: 4070441138494804, guid: eb3df466d0920a84e9d43ac40419d4d8, type: 2}
      propertyPath: m_LocalPosition.z
      value: 0
      objectReference: {fileID: 0}
    - target: {fileID: 4070441138494804, guid: eb3df466d0920a84e9d43ac40419d4d8, type: 2}
      propertyPath: m_LocalRotation.x
      value: -0
      objectReference: {fileID: 0}
    - target: {fileID: 4070441138494804, guid: eb3df466d0920a84e9d43ac40419d4d8, type: 2}
      propertyPath: m_LocalRotation.y
      value: -0
      objectReference: {fileID: 0}
    - target: {fileID: 4070441138494804, guid: eb3df466d0920a84e9d43ac40419d4d8, type: 2}
      propertyPath: m_LocalRotation.z
      value: -0
      objectReference: {fileID: 0}
    - target: {fileID: 4070441138494804, guid: eb3df466d0920a84e9d43ac40419d4d8, type: 2}
      propertyPath: m_LocalRotation.w
      value: 1
      objectReference: {fileID: 0}
    - target: {fileID: 4070441138494804, guid: eb3df466d0920a84e9d43ac40419d4d8, type: 2}
      propertyPath: m_RootOrder
      value: 20
      objectReference: {fileID: 0}
    - target: {fileID: 4070441138494804, guid: eb3df466d0920a84e9d43ac40419d4d8, type: 2}
      propertyPath: m_LocalEulerAnglesHint.z
      value: 0
      objectReference: {fileID: 0}
    - target: {fileID: 4070441138494804, guid: eb3df466d0920a84e9d43ac40419d4d8, type: 2}
      propertyPath: m_LocalScale.x
      value: 3.13482
      objectReference: {fileID: 0}
    - target: {fileID: 1590079792597038, guid: eb3df466d0920a84e9d43ac40419d4d8, type: 2}
      propertyPath: m_Name
      value: One-Sided Platform (9)
      objectReference: {fileID: 0}
    m_RemovedComponents: []
  m_ParentPrefab: {fileID: 100100000, guid: eb3df466d0920a84e9d43ac40419d4d8, type: 2}
  m_IsPrefabParent: 0
--- !u!4 &873586894 stripped
Transform:
  m_PrefabParentObject: {fileID: 4070441138494804, guid: eb3df466d0920a84e9d43ac40419d4d8,
    type: 2}
  m_PrefabInternal: {fileID: 873586893}
--- !u!4 &922840890 stripped
Transform:
  m_PrefabParentObject: {fileID: 4009526583823958, guid: 6a2e2a8ed38700443a94ae89d8c59b0f,
    type: 2}
  m_PrefabInternal: {fileID: 1788964689}
--- !u!1001 &990048537
Prefab:
  m_ObjectHideFlags: 0
  serializedVersion: 2
  m_Modification:
    m_TransformParent: {fileID: 1098818793}
    m_Modifications:
    - target: {fileID: 4388096069026880, guid: 8d66e2365930c93489180c473f2ea322, type: 2}
      propertyPath: m_LocalPosition.x
      value: 10.88
      objectReference: {fileID: 0}
    - target: {fileID: 4388096069026880, guid: 8d66e2365930c93489180c473f2ea322, type: 2}
      propertyPath: m_LocalPosition.y
      value: 9.98
      objectReference: {fileID: 0}
    - target: {fileID: 4388096069026880, guid: 8d66e2365930c93489180c473f2ea322, type: 2}
      propertyPath: m_LocalPosition.z
      value: 0
      objectReference: {fileID: 0}
    - target: {fileID: 4388096069026880, guid: 8d66e2365930c93489180c473f2ea322, type: 2}
      propertyPath: m_LocalRotation.x
      value: -0
      objectReference: {fileID: 0}
    - target: {fileID: 4388096069026880, guid: 8d66e2365930c93489180c473f2ea322, type: 2}
      propertyPath: m_LocalRotation.y
      value: -0
      objectReference: {fileID: 0}
    - target: {fileID: 4388096069026880, guid: 8d66e2365930c93489180c473f2ea322, type: 2}
      propertyPath: m_LocalRotation.z
      value: 0.17364816
      objectReference: {fileID: 0}
    - target: {fileID: 4388096069026880, guid: 8d66e2365930c93489180c473f2ea322, type: 2}
      propertyPath: m_LocalRotation.w
      value: 0.9848078
      objectReference: {fileID: 0}
    - target: {fileID: 4388096069026880, guid: 8d66e2365930c93489180c473f2ea322, type: 2}
      propertyPath: m_RootOrder
      value: 13
      objectReference: {fileID: 0}
    - target: {fileID: 4388096069026880, guid: 8d66e2365930c93489180c473f2ea322, type: 2}
      propertyPath: m_LocalEulerAnglesHint.z
      value: 20
      objectReference: {fileID: 0}
    - target: {fileID: 4388096069026880, guid: 8d66e2365930c93489180c473f2ea322, type: 2}
      propertyPath: m_LocalScale.x
      value: 2.4375186
      objectReference: {fileID: 0}
    - target: {fileID: 1699729281203028, guid: 8d66e2365930c93489180c473f2ea322, type: 2}
      propertyPath: m_Name
      value: BouncyPlatform (1)
      objectReference: {fileID: 0}
    - target: {fileID: 4388096069026880, guid: 8d66e2365930c93489180c473f2ea322, type: 2}
      propertyPath: m_LocalScale.y
      value: 1
      objectReference: {fileID: 0}
    m_RemovedComponents: []
  m_ParentPrefab: {fileID: 100100000, guid: 8d66e2365930c93489180c473f2ea322, type: 2}
  m_IsPrefabParent: 0
--- !u!4 &1023419702 stripped
Transform:
  m_PrefabParentObject: {fileID: 4070441138494804, guid: eb3df466d0920a84e9d43ac40419d4d8,
    type: 2}
  m_PrefabInternal: {fileID: 1450698823}
--- !u!1001 &1025402290
Prefab:
  m_ObjectHideFlags: 0
  serializedVersion: 2
  m_Modification:
    m_TransformParent: {fileID: 1098818793}
    m_Modifications:
    - target: {fileID: 4070441138494804, guid: eb3df466d0920a84e9d43ac40419d4d8, type: 2}
      propertyPath: m_LocalPosition.x
      value: -8.9
      objectReference: {fileID: 0}
    - target: {fileID: 4070441138494804, guid: eb3df466d0920a84e9d43ac40419d4d8, type: 2}
      propertyPath: m_LocalPosition.y
      value: -3.8
      objectReference: {fileID: 0}
    - target: {fileID: 4070441138494804, guid: eb3df466d0920a84e9d43ac40419d4d8, type: 2}
      propertyPath: m_LocalPosition.z
      value: 0
      objectReference: {fileID: 0}
    - target: {fileID: 4070441138494804, guid: eb3df466d0920a84e9d43ac40419d4d8, type: 2}
      propertyPath: m_LocalRotation.x
      value: 0
      objectReference: {fileID: 0}
    - target: {fileID: 4070441138494804, guid: eb3df466d0920a84e9d43ac40419d4d8, type: 2}
      propertyPath: m_LocalRotation.y
      value: 0
      objectReference: {fileID: 0}
    - target: {fileID: 4070441138494804, guid: eb3df466d0920a84e9d43ac40419d4d8, type: 2}
      propertyPath: m_LocalRotation.z
      value: -0.13052624
      objectReference: {fileID: 0}
    - target: {fileID: 4070441138494804, guid: eb3df466d0920a84e9d43ac40419d4d8, type: 2}
      propertyPath: m_LocalRotation.w
      value: 0.9914449
      objectReference: {fileID: 0}
    - target: {fileID: 4070441138494804, guid: eb3df466d0920a84e9d43ac40419d4d8, type: 2}
      propertyPath: m_RootOrder
      value: 6
      objectReference: {fileID: 0}
    - target: {fileID: 4070441138494804, guid: eb3df466d0920a84e9d43ac40419d4d8, type: 2}
      propertyPath: m_LocalEulerAnglesHint.z
      value: -15
      objectReference: {fileID: 0}
    - target: {fileID: 4070441138494804, guid: eb3df466d0920a84e9d43ac40419d4d8, type: 2}
      propertyPath: m_LocalScale.x
      value: 4.4783335
      objectReference: {fileID: 0}
    - target: {fileID: 1590079792597038, guid: eb3df466d0920a84e9d43ac40419d4d8, type: 2}
      propertyPath: m_Name
      value: One-Sided Platform (1)
      objectReference: {fileID: 0}
    m_RemovedComponents: []
  m_ParentPrefab: {fileID: 100100000, guid: eb3df466d0920a84e9d43ac40419d4d8, type: 2}
  m_IsPrefabParent: 0
--- !u!1 &1098818792
GameObject:
  m_ObjectHideFlags: 0
  m_PrefabParentObject: {fileID: 0}
  m_PrefabInternal: {fileID: 0}
  serializedVersion: 5
  m_Component:
  - component: {fileID: 1098818793}
  m_Layer: 0
  m_Name: Map
  m_TagString: Untagged
  m_Icon: {fileID: 0}
  m_NavMeshLayer: 0
  m_StaticEditorFlags: 0
  m_IsActive: 1
--- !u!4 &1098818793
Transform:
  m_ObjectHideFlags: 0
  m_PrefabParentObject: {fileID: 0}
  m_PrefabInternal: {fileID: 0}
  m_GameObject: {fileID: 1098818792}
  m_LocalRotation: {x: -0, y: -0, z: -0, w: 1}
  m_LocalPosition: {x: 0, y: 0, z: 0}
  m_LocalScale: {x: 1, y: 1, z: 1}
  m_Children:
  - {fileID: 1967557081}
  - {fileID: 654626902}
  - {fileID: 1433956940}
  - {fileID: 481396044}
  - {fileID: 1023419702}
  - {fileID: 1129906086}
  - {fileID: 1622913846}
  - {fileID: 74482969}
  - {fileID: 1246137360}
  - {fileID: 637581320}
  - {fileID: 1457932603}
  - {fileID: 75055144}
  - {fileID: 142379731}
  - {fileID: 553258381}
  - {fileID: 1896786678}
  - {fileID: 922840890}
  - {fileID: 1099118968}
  - {fileID: 60336695}
  - {fileID: 1646435013}
  - {fileID: 409420141}
  - {fileID: 873586894}
  m_Father: {fileID: 0}
  m_RootOrder: 4
  m_LocalEulerAnglesHint: {x: 0, y: 0, z: 0}
--- !u!4 &1099118968 stripped
Transform:
  m_PrefabParentObject: {fileID: 4070441138494804, guid: eb3df466d0920a84e9d43ac40419d4d8,
    type: 2}
  m_PrefabInternal: {fileID: 1975644115}
--- !u!4 &1129906086 stripped
Transform:
  m_PrefabParentObject: {fileID: 4070441138494804, guid: eb3df466d0920a84e9d43ac40419d4d8,
    type: 2}
  m_PrefabInternal: {fileID: 1818031929}
--- !u!1001 &1185080894
Prefab:
  m_ObjectHideFlags: 0
  serializedVersion: 2
  m_Modification:
    m_TransformParent: {fileID: 1098818793}
    m_Modifications:
    - target: {fileID: 4070441138494804, guid: eb3df466d0920a84e9d43ac40419d4d8, type: 2}
      propertyPath: m_LocalPosition.x
      value: 6.71
      objectReference: {fileID: 0}
    - target: {fileID: 4070441138494804, guid: eb3df466d0920a84e9d43ac40419d4d8, type: 2}
      propertyPath: m_LocalPosition.y
      value: 4.04
      objectReference: {fileID: 0}
    - target: {fileID: 4070441138494804, guid: eb3df466d0920a84e9d43ac40419d4d8, type: 2}
      propertyPath: m_LocalPosition.z
      value: 0
      objectReference: {fileID: 0}
    - target: {fileID: 4070441138494804, guid: eb3df466d0920a84e9d43ac40419d4d8, type: 2}
      propertyPath: m_LocalRotation.x
      value: 0
      objectReference: {fileID: 0}
    - target: {fileID: 4070441138494804, guid: eb3df466d0920a84e9d43ac40419d4d8, type: 2}
      propertyPath: m_LocalRotation.y
      value: 0
      objectReference: {fileID: 0}
    - target: {fileID: 4070441138494804, guid: eb3df466d0920a84e9d43ac40419d4d8, type: 2}
      propertyPath: m_LocalRotation.z
      value: 0.17364816
      objectReference: {fileID: 0}
    - target: {fileID: 4070441138494804, guid: eb3df466d0920a84e9d43ac40419d4d8, type: 2}
      propertyPath: m_LocalRotation.w
      value: 0.9848078
      objectReference: {fileID: 0}
    - target: {fileID: 4070441138494804, guid: eb3df466d0920a84e9d43ac40419d4d8, type: 2}
      propertyPath: m_RootOrder
      value: 9
      objectReference: {fileID: 0}
    - target: {fileID: 4070441138494804, guid: eb3df466d0920a84e9d43ac40419d4d8, type: 2}
      propertyPath: m_LocalEulerAnglesHint.z
      value: 20
      objectReference: {fileID: 0}
    - target: {fileID: 4070441138494804, guid: eb3df466d0920a84e9d43ac40419d4d8, type: 2}
      propertyPath: m_LocalScale.x
      value: 4.4783297
      objectReference: {fileID: 0}
    - target: {fileID: 1590079792597038, guid: eb3df466d0920a84e9d43ac40419d4d8, type: 2}
      propertyPath: m_Name
      value: One-Sided Platform (4)
      objectReference: {fileID: 0}
    m_RemovedComponents: []
  m_ParentPrefab: {fileID: 100100000, guid: eb3df466d0920a84e9d43ac40419d4d8, type: 2}
  m_IsPrefabParent: 0
--- !u!1 &1209266303
GameObject:
  m_ObjectHideFlags: 0
  m_PrefabParentObject: {fileID: 0}
  m_PrefabInternal: {fileID: 0}
  serializedVersion: 5
  m_Component:
  - component: {fileID: 1209266306}
  - component: {fileID: 1209266305}
  - component: {fileID: 1209266304}
  m_Layer: 0
  m_Name: EventSystem
  m_TagString: Untagged
  m_Icon: {fileID: 0}
  m_NavMeshLayer: 0
  m_StaticEditorFlags: 0
  m_IsActive: 1
--- !u!114 &1209266304
MonoBehaviour:
  m_ObjectHideFlags: 0
  m_PrefabParentObject: {fileID: 0}
  m_PrefabInternal: {fileID: 0}
  m_GameObject: {fileID: 1209266303}
  m_Enabled: 1
  m_EditorHideFlags: 0
  m_Script: {fileID: 1077351063, guid: f70555f144d8491a825f0804e09c671c, type: 3}
  m_Name: 
  m_EditorClassIdentifier: 
  m_HorizontalAxis: Horizontal
  m_VerticalAxis: Vertical
  m_SubmitButton: Submit
  m_CancelButton: Cancel
  m_InputActionsPerSecond: 10
  m_RepeatDelay: 0.5
  m_ForceModuleActive: 0
--- !u!114 &1209266305
MonoBehaviour:
  m_ObjectHideFlags: 0
  m_PrefabParentObject: {fileID: 0}
  m_PrefabInternal: {fileID: 0}
  m_GameObject: {fileID: 1209266303}
  m_Enabled: 1
  m_EditorHideFlags: 0
  m_Script: {fileID: -619905303, guid: f70555f144d8491a825f0804e09c671c, type: 3}
  m_Name: 
  m_EditorClassIdentifier: 
  m_FirstSelected: {fileID: 0}
  m_sendNavigationEvents: 1
  m_DragThreshold: 5
--- !u!4 &1209266306
Transform:
  m_ObjectHideFlags: 0
  m_PrefabParentObject: {fileID: 0}
  m_PrefabInternal: {fileID: 0}
  m_GameObject: {fileID: 1209266303}
  m_LocalRotation: {x: 0, y: 0, z: 0, w: 1}
  m_LocalPosition: {x: 0, y: 0, z: 0}
  m_LocalScale: {x: 1, y: 1, z: 1}
  m_Children: []
  m_Father: {fileID: 0}
  m_RootOrder: 3
  m_LocalEulerAnglesHint: {x: 0, y: 0, z: 0}
--- !u!4 &1246137360 stripped
Transform:
  m_PrefabParentObject: {fileID: 4070441138494804, guid: eb3df466d0920a84e9d43ac40419d4d8,
    type: 2}
  m_PrefabInternal: {fileID: 1334752246}
--- !u!1001 &1319331923
Prefab:
  m_ObjectHideFlags: 0
  serializedVersion: 2
  m_Modification:
    m_TransformParent: {fileID: 1098818793}
    m_Modifications:
    - target: {fileID: 4388096069026880, guid: 8d66e2365930c93489180c473f2ea322, type: 2}
      propertyPath: m_LocalPosition.x
      value: 1.87
      objectReference: {fileID: 0}
    - target: {fileID: 4388096069026880, guid: 8d66e2365930c93489180c473f2ea322, type: 2}
      propertyPath: m_LocalPosition.y
      value: 28.75
      objectReference: {fileID: 0}
    - target: {fileID: 4388096069026880, guid: 8d66e2365930c93489180c473f2ea322, type: 2}
      propertyPath: m_LocalPosition.z
      value: 0
      objectReference: {fileID: 0}
    - target: {fileID: 4388096069026880, guid: 8d66e2365930c93489180c473f2ea322, type: 2}
      propertyPath: m_LocalRotation.x
      value: 0
      objectReference: {fileID: 0}
    - target: {fileID: 4388096069026880, guid: 8d66e2365930c93489180c473f2ea322, type: 2}
      propertyPath: m_LocalRotation.y
      value: 0
      objectReference: {fileID: 0}
    - target: {fileID: 4388096069026880, guid: 8d66e2365930c93489180c473f2ea322, type: 2}
      propertyPath: m_LocalRotation.z
      value: -0.32201785
      objectReference: {fileID: 0}
    - target: {fileID: 4388096069026880, guid: 8d66e2365930c93489180c473f2ea322, type: 2}
      propertyPath: m_LocalRotation.w
      value: 0.9467336
      objectReference: {fileID: 0}
    - target: {fileID: 4388096069026880, guid: 8d66e2365930c93489180c473f2ea322, type: 2}
      propertyPath: m_RootOrder
      value: 20
      objectReference: {fileID: 0}
    - target: {fileID: 4388096069026880, guid: 8d66e2365930c93489180c473f2ea322, type: 2}
      propertyPath: m_LocalEulerAnglesHint.z
      value: -37.57
      objectReference: {fileID: 0}
    - target: {fileID: 4388096069026880, guid: 8d66e2365930c93489180c473f2ea322, type: 2}
      propertyPath: m_LocalScale.x
      value: 2.4375205
      objectReference: {fileID: 0}
    - target: {fileID: 1699729281203028, guid: 8d66e2365930c93489180c473f2ea322, type: 2}
      propertyPath: m_Name
      value: BouncyPlatform (3)
      objectReference: {fileID: 0}
    - target: {fileID: 4388096069026880, guid: 8d66e2365930c93489180c473f2ea322, type: 2}
      propertyPath: m_LocalScale.y
      value: 1
      objectReference: {fileID: 0}
    m_RemovedComponents: []
  m_ParentPrefab: {fileID: 100100000, guid: 8d66e2365930c93489180c473f2ea322, type: 2}
  m_IsPrefabParent: 0
--- !u!1001 &1334752246
Prefab:
  m_ObjectHideFlags: 0
  serializedVersion: 2
  m_Modification:
    m_TransformParent: {fileID: 1098818793}
    m_Modifications:
    - target: {fileID: 4070441138494804, guid: eb3df466d0920a84e9d43ac40419d4d8, type: 2}
      propertyPath: m_LocalPosition.x
      value: 6.3
      objectReference: {fileID: 0}
    - target: {fileID: 4070441138494804, guid: eb3df466d0920a84e9d43ac40419d4d8, type: 2}
      propertyPath: m_LocalPosition.y
      value: 0.12
      objectReference: {fileID: 0}
    - target: {fileID: 4070441138494804, guid: eb3df466d0920a84e9d43ac40419d4d8, type: 2}
      propertyPath: m_LocalPosition.z
      value: 0
      objectReference: {fileID: 0}
    - target: {fileID: 4070441138494804, guid: eb3df466d0920a84e9d43ac40419d4d8, type: 2}
      propertyPath: m_LocalRotation.x
      value: -0
      objectReference: {fileID: 0}
    - target: {fileID: 4070441138494804, guid: eb3df466d0920a84e9d43ac40419d4d8, type: 2}
      propertyPath: m_LocalRotation.y
      value: -0
      objectReference: {fileID: 0}
    - target: {fileID: 4070441138494804, guid: eb3df466d0920a84e9d43ac40419d4d8, type: 2}
      propertyPath: m_LocalRotation.z
      value: -0
      objectReference: {fileID: 0}
    - target: {fileID: 4070441138494804, guid: eb3df466d0920a84e9d43ac40419d4d8, type: 2}
      propertyPath: m_LocalRotation.w
      value: 1
      objectReference: {fileID: 0}
    - target: {fileID: 4070441138494804, guid: eb3df466d0920a84e9d43ac40419d4d8, type: 2}
      propertyPath: m_RootOrder
      value: 8
      objectReference: {fileID: 0}
    - target: {fileID: 4070441138494804, guid: eb3df466d0920a84e9d43ac40419d4d8, type: 2}
      propertyPath: m_LocalEulerAnglesHint.z
      value: 0
      objectReference: {fileID: 0}
    - target: {fileID: 4070441138494804, guid: eb3df466d0920a84e9d43ac40419d4d8, type: 2}
      propertyPath: m_LocalScale.x
      value: 4.4783297
      objectReference: {fileID: 0}
    - target: {fileID: 1590079792597038, guid: eb3df466d0920a84e9d43ac40419d4d8, type: 2}
      propertyPath: m_Name
      value: One-Sided Platform (3)
      objectReference: {fileID: 0}
    m_RemovedComponents: []
  m_ParentPrefab: {fileID: 100100000, guid: eb3df466d0920a84e9d43ac40419d4d8, type: 2}
  m_IsPrefabParent: 0
--- !u!1001 &1426774029
Prefab:
  m_ObjectHideFlags: 0
  serializedVersion: 2
  m_Modification:
    m_TransformParent: {fileID: 1098818793}
    m_Modifications:
    - target: {fileID: 4388096069026880, guid: 57cd4c6a3c2732d4eb4891d7ac543184, type: 2}
      propertyPath: m_LocalPosition.x
      value: -14
      objectReference: {fileID: 0}
    - target: {fileID: 4388096069026880, guid: 57cd4c6a3c2732d4eb4891d7ac543184, type: 2}
      propertyPath: m_LocalPosition.y
      value: 97.28
      objectReference: {fileID: 0}
    - target: {fileID: 4388096069026880, guid: 57cd4c6a3c2732d4eb4891d7ac543184, type: 2}
      propertyPath: m_LocalPosition.z
      value: 0
      objectReference: {fileID: 0}
    - target: {fileID: 4388096069026880, guid: 57cd4c6a3c2732d4eb4891d7ac543184, type: 2}
      propertyPath: m_LocalRotation.x
      value: -0
      objectReference: {fileID: 0}
    - target: {fileID: 4388096069026880, guid: 57cd4c6a3c2732d4eb4891d7ac543184, type: 2}
      propertyPath: m_LocalRotation.y
      value: -0
      objectReference: {fileID: 0}
    - target: {fileID: 4388096069026880, guid: 57cd4c6a3c2732d4eb4891d7ac543184, type: 2}
      propertyPath: m_LocalRotation.z
      value: -0
      objectReference: {fileID: 0}
    - target: {fileID: 4388096069026880, guid: 57cd4c6a3c2732d4eb4891d7ac543184, type: 2}
      propertyPath: m_LocalRotation.w
      value: 1
      objectReference: {fileID: 0}
    - target: {fileID: 4388096069026880, guid: 57cd4c6a3c2732d4eb4891d7ac543184, type: 2}
      propertyPath: m_RootOrder
      value: 1
      objectReference: {fileID: 0}
    m_RemovedComponents: []
  m_ParentPrefab: {fileID: 100100000, guid: 57cd4c6a3c2732d4eb4891d7ac543184, type: 2}
  m_IsPrefabParent: 0
--- !u!1 &1433918355
GameObject:
  m_ObjectHideFlags: 0
  m_PrefabParentObject: {fileID: 0}
  m_PrefabInternal: {fileID: 0}
  serializedVersion: 5
  m_Component:
  - component: {fileID: 1433918358}
  - component: {fileID: 1433918357}
  - component: {fileID: 1433918356}
  m_Layer: 5
  m_Name: PlayerTurnIndicator
  m_TagString: Untagged
  m_Icon: {fileID: 0}
  m_NavMeshLayer: 0
  m_StaticEditorFlags: 0
  m_IsActive: 1
--- !u!114 &1433918356
MonoBehaviour:
  m_ObjectHideFlags: 0
  m_PrefabParentObject: {fileID: 0}
  m_PrefabInternal: {fileID: 0}
  m_GameObject: {fileID: 1433918355}
  m_Enabled: 1
  m_EditorHideFlags: 0
  m_Script: {fileID: 708705254, guid: f70555f144d8491a825f0804e09c671c, type: 3}
  m_Name: 
  m_EditorClassIdentifier: 
  m_Material: {fileID: 0}
  m_Color: {r: 0, g: 0, b: 0, a: 1}
  m_RaycastTarget: 1
  m_OnCullStateChanged:
    m_PersistentCalls:
      m_Calls: []
    m_TypeName: UnityEngine.UI.MaskableGraphic+CullStateChangedEvent, UnityEngine.UI,
      Version=1.0.0.0, Culture=neutral, PublicKeyToken=null
  m_FontData:
    m_Font: {fileID: 10102, guid: 0000000000000000e000000000000000, type: 0}
    m_FontSize: 14
    m_FontStyle: 0
    m_BestFit: 1
    m_MinSize: 10
    m_MaxSize: 40
    m_Alignment: 4
    m_AlignByGeometry: 0
    m_RichText: 1
    m_HorizontalOverflow: 1
    m_VerticalOverflow: 0
    m_LineSpacing: 1
  m_Text: WHO'S TURN IT IS
--- !u!222 &1433918357
CanvasRenderer:
  m_ObjectHideFlags: 0
  m_PrefabParentObject: {fileID: 0}
  m_PrefabInternal: {fileID: 0}
  m_GameObject: {fileID: 1433918355}
--- !u!224 &1433918358
RectTransform:
  m_ObjectHideFlags: 0
  m_PrefabParentObject: {fileID: 0}
  m_PrefabInternal: {fileID: 0}
  m_GameObject: {fileID: 1433918355}
  m_LocalRotation: {x: -0, y: -0, z: -0, w: 1}
  m_LocalPosition: {x: 0, y: 0, z: 0}
  m_LocalScale: {x: 0.70875, y: 0.70875, z: 0.70875}
  m_Children: []
  m_Father: {fileID: 0}
  m_RootOrder: 7
  m_LocalEulerAnglesHint: {x: 0, y: 0, z: 0}
  m_AnchorMin: {x: 0.5, y: 1}
  m_AnchorMax: {x: 0.5, y: 1}
  m_AnchoredPosition: {x: 399.99997, y: 450.08817}
  m_SizeDelta: {x: 160, y: 44.6}
  m_Pivot: {x: 0.5, y: 1}
--- !u!4 &1433956940 stripped
Transform:
  m_PrefabParentObject: {fileID: 4388096069026880, guid: 57cd4c6a3c2732d4eb4891d7ac543184,
    type: 2}
  m_PrefabInternal: {fileID: 616573340}
--- !u!1001 &1450698823
Prefab:
  m_ObjectHideFlags: 0
  serializedVersion: 2
  m_Modification:
    m_TransformParent: {fileID: 1098818793}
    m_Modifications:
    - target: {fileID: 4070441138494804, guid: eb3df466d0920a84e9d43ac40419d4d8, type: 2}
      propertyPath: m_LocalPosition.x
      value: 0
      objectReference: {fileID: 0}
    - target: {fileID: 4070441138494804, guid: eb3df466d0920a84e9d43ac40419d4d8, type: 2}
      propertyPath: m_LocalPosition.y
      value: 33.2
      objectReference: {fileID: 0}
    - target: {fileID: 4070441138494804, guid: eb3df466d0920a84e9d43ac40419d4d8, type: 2}
      propertyPath: m_LocalPosition.z
      value: 0
      objectReference: {fileID: 0}
    - target: {fileID: 4070441138494804, guid: eb3df466d0920a84e9d43ac40419d4d8, type: 2}
      propertyPath: m_LocalRotation.x
      value: -0
      objectReference: {fileID: 0}
    - target: {fileID: 4070441138494804, guid: eb3df466d0920a84e9d43ac40419d4d8, type: 2}
      propertyPath: m_LocalRotation.y
      value: -0
      objectReference: {fileID: 0}
    - target: {fileID: 4070441138494804, guid: eb3df466d0920a84e9d43ac40419d4d8, type: 2}
      propertyPath: m_LocalRotation.z
      value: -0
      objectReference: {fileID: 0}
    - target: {fileID: 4070441138494804, guid: eb3df466d0920a84e9d43ac40419d4d8, type: 2}
      propertyPath: m_LocalRotation.w
      value: 1
      objectReference: {fileID: 0}
    - target: {fileID: 4070441138494804, guid: eb3df466d0920a84e9d43ac40419d4d8, type: 2}
      propertyPath: m_RootOrder
      value: 4
      objectReference: {fileID: 0}
    - target: {fileID: 4070441138494804, guid: eb3df466d0920a84e9d43ac40419d4d8, type: 2}
      propertyPath: m_LocalScale.x
      value: 14.800034
      objectReference: {fileID: 0}
    - target: {fileID: 1590079792597038, guid: eb3df466d0920a84e9d43ac40419d4d8, type: 2}
      propertyPath: m_Name
      value: EndPlatform
      objectReference: {fileID: 0}
    - target: {fileID: 212937707383180010, guid: eb3df466d0920a84e9d43ac40419d4d8,
        type: 2}
      propertyPath: m_Materials.Array.data[0]
      value: 
      objectReference: {fileID: 2100000, guid: 9193f04878130c745ad799378a3f3f46, type: 2}
    m_RemovedComponents: []
  m_ParentPrefab: {fileID: 100100000, guid: eb3df466d0920a84e9d43ac40419d4d8, type: 2}
  m_IsPrefabParent: 0
--- !u!4 &1457932603 stripped
Transform:
  m_PrefabParentObject: {fileID: 4070441138494804, guid: eb3df466d0920a84e9d43ac40419d4d8,
    type: 2}
  m_PrefabInternal: {fileID: 1787058254}
--- !u!114 &1470414170 stripped
MonoBehaviour:
  m_PrefabParentObject: {fileID: 114915840661520046, guid: 6f2ff6e1759c00a4380213af256380cf,
    type: 2}
  m_PrefabInternal: {fileID: 198252360}
  m_Script: {fileID: 11500000, guid: 59db09b53cc7b844a8edc72c77c66865, type: 3}
--- !u!4 &1622913846 stripped
Transform:
  m_PrefabParentObject: {fileID: 4070441138494804, guid: eb3df466d0920a84e9d43ac40419d4d8,
    type: 2}
  m_PrefabInternal: {fileID: 1025402290}
--- !u!1001 &1627085818
Prefab:
  m_ObjectHideFlags: 0
  serializedVersion: 2
  m_Modification:
    m_TransformParent: {fileID: 1098818793}
    m_Modifications:
    - target: {fileID: 4009526583823958, guid: 6a2e2a8ed38700443a94ae89d8c59b0f, type: 2}
      propertyPath: m_LocalPosition.x
      value: 0
      objectReference: {fileID: 0}
    - target: {fileID: 4009526583823958, guid: 6a2e2a8ed38700443a94ae89d8c59b0f, type: 2}
      propertyPath: m_LocalPosition.y
      value: 7.7
      objectReference: {fileID: 0}
    - target: {fileID: 4009526583823958, guid: 6a2e2a8ed38700443a94ae89d8c59b0f, type: 2}
      propertyPath: m_LocalPosition.z
      value: 0
      objectReference: {fileID: 0}
    - target: {fileID: 4009526583823958, guid: 6a2e2a8ed38700443a94ae89d8c59b0f, type: 2}
      propertyPath: m_LocalRotation.x
      value: -0
      objectReference: {fileID: 0}
    - target: {fileID: 4009526583823958, guid: 6a2e2a8ed38700443a94ae89d8c59b0f, type: 2}
      propertyPath: m_LocalRotation.y
      value: -0
      objectReference: {fileID: 0}
    - target: {fileID: 4009526583823958, guid: 6a2e2a8ed38700443a94ae89d8c59b0f, type: 2}
      propertyPath: m_LocalRotation.z
      value: -0
      objectReference: {fileID: 0}
    - target: {fileID: 4009526583823958, guid: 6a2e2a8ed38700443a94ae89d8c59b0f, type: 2}
      propertyPath: m_LocalRotation.w
      value: 1
      objectReference: {fileID: 0}
    - target: {fileID: 4009526583823958, guid: 6a2e2a8ed38700443a94ae89d8c59b0f, type: 2}
      propertyPath: m_RootOrder
      value: 11
      objectReference: {fileID: 0}
    - target: {fileID: 4009526583823958, guid: 6a2e2a8ed38700443a94ae89d8c59b0f, type: 2}
      propertyPath: m_LocalScale.x
      value: 3.6562507
      objectReference: {fileID: 0}
    m_RemovedComponents: []
  m_ParentPrefab: {fileID: 100100000, guid: 6a2e2a8ed38700443a94ae89d8c59b0f, type: 2}
  m_IsPrefabParent: 0
--- !u!4 &1646435013 stripped
Transform:
  m_PrefabParentObject: {fileID: 4388096069026880, guid: 8d66e2365930c93489180c473f2ea322,
    type: 2}
  m_PrefabInternal: {fileID: 842381659}
--- !u!1 &1657520780
GameObject:
  m_ObjectHideFlags: 0
  m_PrefabParentObject: {fileID: 0}
  m_PrefabInternal: {fileID: 0}
  serializedVersion: 5
  m_Component:
  - component: {fileID: 1657520784}
  - component: {fileID: 1657520783}
  - component: {fileID: 1657520782}
  - component: {fileID: 1657520781}
  m_Layer: 5
  m_Name: Canvas
  m_TagString: Untagged
  m_Icon: {fileID: 0}
  m_NavMeshLayer: 0
  m_StaticEditorFlags: 0
  m_IsActive: 1
--- !u!114 &1657520781
MonoBehaviour:
  m_ObjectHideFlags: 0
  m_PrefabParentObject: {fileID: 0}
  m_PrefabInternal: {fileID: 0}
  m_GameObject: {fileID: 1657520780}
  m_Enabled: 1
  m_EditorHideFlags: 0
  m_Script: {fileID: 1301386320, guid: f70555f144d8491a825f0804e09c671c, type: 3}
  m_Name: 
  m_EditorClassIdentifier: 
  m_IgnoreReversedGraphics: 1
  m_BlockingObjects: 0
  m_BlockingMask:
    serializedVersion: 2
    m_Bits: 4294967295
--- !u!114 &1657520782
MonoBehaviour:
  m_ObjectHideFlags: 0
  m_PrefabParentObject: {fileID: 0}
  m_PrefabInternal: {fileID: 0}
  m_GameObject: {fileID: 1657520780}
  m_Enabled: 1
  m_EditorHideFlags: 0
  m_Script: {fileID: 1980459831, guid: f70555f144d8491a825f0804e09c671c, type: 3}
  m_Name: 
  m_EditorClassIdentifier: 
  m_UiScaleMode: 1
  m_ReferencePixelsPerUnit: 100
  m_ScaleFactor: 1
  m_ReferenceResolution: {x: 800, y: 600}
  m_ScreenMatchMode: 0
  m_MatchWidthOrHeight: 0
  m_PhysicalUnit: 3
  m_FallbackScreenDPI: 96
  m_DefaultSpriteDPI: 96
  m_DynamicPixelsPerUnit: 1
--- !u!223 &1657520783
Canvas:
  m_ObjectHideFlags: 0
  m_PrefabParentObject: {fileID: 0}
  m_PrefabInternal: {fileID: 0}
  m_GameObject: {fileID: 1657520780}
  m_Enabled: 1
  serializedVersion: 3
  m_RenderMode: 0
  m_Camera: {fileID: 0}
  m_PlaneDistance: 100
  m_PixelPerfect: 0
  m_ReceivesEvents: 1
  m_OverrideSorting: 0
  m_OverridePixelPerfect: 0
  m_SortingBucketNormalizedSize: 0
  m_AdditionalShaderChannelsFlag: 0
  m_SortingLayerID: 0
  m_SortingOrder: 0
  m_TargetDisplay: 0
--- !u!224 &1657520784
RectTransform:
  m_ObjectHideFlags: 0
  m_PrefabParentObject: {fileID: 0}
  m_PrefabInternal: {fileID: 0}
  m_GameObject: {fileID: 1657520780}
  m_LocalRotation: {x: 0, y: 0, z: 0, w: 1}
  m_LocalPosition: {x: 0, y: 0, z: 0}
  m_LocalScale: {x: 0, y: 0, z: 0}
  m_Children:
  - {fileID: 47783753}
  m_Father: {fileID: 0}
  m_RootOrder: 6
  m_LocalEulerAnglesHint: {x: 0, y: 0, z: 0}
  m_AnchorMin: {x: 0, y: 0}
  m_AnchorMax: {x: 0, y: 0}
  m_AnchoredPosition: {x: 0, y: 0}
  m_SizeDelta: {x: 0, y: 0}
  m_Pivot: {x: 0, y: 0}
--- !u!114 &1694019911 stripped
MonoBehaviour:
  m_PrefabParentObject: {fileID: 114698700315072282, guid: 6f2ff6e1759c00a4380213af256380cf,
    type: 2}
  m_PrefabInternal: {fileID: 198252360}
  m_Script: {fileID: 11500000, guid: 59db09b53cc7b844a8edc72c77c66865, type: 3}
--- !u!1001 &1787058254
Prefab:
  m_ObjectHideFlags: 0
  serializedVersion: 2
  m_Modification:
    m_TransformParent: {fileID: 1098818793}
    m_Modifications:
    - target: {fileID: 4070441138494804, guid: eb3df466d0920a84e9d43ac40419d4d8, type: 2}
      propertyPath: m_LocalPosition.x
      value: -6.66
      objectReference: {fileID: 0}
    - target: {fileID: 4070441138494804, guid: eb3df466d0920a84e9d43ac40419d4d8, type: 2}
      propertyPath: m_LocalPosition.y
      value: 4.16
      objectReference: {fileID: 0}
    - target: {fileID: 4070441138494804, guid: eb3df466d0920a84e9d43ac40419d4d8, type: 2}
      propertyPath: m_LocalPosition.z
      value: 0
      objectReference: {fileID: 0}
    - target: {fileID: 4070441138494804, guid: eb3df466d0920a84e9d43ac40419d4d8, type: 2}
      propertyPath: m_LocalRotation.x
      value: 0
      objectReference: {fileID: 0}
    - target: {fileID: 4070441138494804, guid: eb3df466d0920a84e9d43ac40419d4d8, type: 2}
      propertyPath: m_LocalRotation.y
      value: 0
      objectReference: {fileID: 0}
    - target: {fileID: 4070441138494804, guid: eb3df466d0920a84e9d43ac40419d4d8, type: 2}
      propertyPath: m_LocalRotation.z
      value: -0.17364825
      objectReference: {fileID: 0}
    - target: {fileID: 4070441138494804, guid: eb3df466d0920a84e9d43ac40419d4d8, type: 2}
      propertyPath: m_LocalRotation.w
      value: 0.9848078
      objectReference: {fileID: 0}
    - target: {fileID: 4070441138494804, guid: eb3df466d0920a84e9d43ac40419d4d8, type: 2}
      propertyPath: m_RootOrder
      value: 10
      objectReference: {fileID: 0}
    - target: {fileID: 4070441138494804, guid: eb3df466d0920a84e9d43ac40419d4d8, type: 2}
      propertyPath: m_LocalEulerAnglesHint.z
      value: -20
      objectReference: {fileID: 0}
    - target: {fileID: 4070441138494804, guid: eb3df466d0920a84e9d43ac40419d4d8, type: 2}
      propertyPath: m_LocalScale.x
      value: 4.4783297
      objectReference: {fileID: 0}
    - target: {fileID: 1590079792597038, guid: eb3df466d0920a84e9d43ac40419d4d8, type: 2}
      propertyPath: m_Name
      value: One-Sided Platform (5)
      objectReference: {fileID: 0}
    m_RemovedComponents: []
  m_ParentPrefab: {fileID: 100100000, guid: eb3df466d0920a84e9d43ac40419d4d8, type: 2}
  m_IsPrefabParent: 0
--- !u!1001 &1788964689
Prefab:
  m_ObjectHideFlags: 0
  serializedVersion: 2
  m_Modification:
    m_TransformParent: {fileID: 1098818793}
    m_Modifications:
    - target: {fileID: 4009526583823958, guid: 6a2e2a8ed38700443a94ae89d8c59b0f, type: 2}
      propertyPath: m_LocalPosition.x
      value: 5.6
      objectReference: {fileID: 0}
    - target: {fileID: 4009526583823958, guid: 6a2e2a8ed38700443a94ae89d8c59b0f, type: 2}
      propertyPath: m_LocalPosition.y
      value: 13.7
      objectReference: {fileID: 0}
    - target: {fileID: 4009526583823958, guid: 6a2e2a8ed38700443a94ae89d8c59b0f, type: 2}
      propertyPath: m_LocalPosition.z
      value: 0
      objectReference: {fileID: 0}
    - target: {fileID: 4009526583823958, guid: 6a2e2a8ed38700443a94ae89d8c59b0f, type: 2}
      propertyPath: m_LocalRotation.x
      value: -0
      objectReference: {fileID: 0}
    - target: {fileID: 4009526583823958, guid: 6a2e2a8ed38700443a94ae89d8c59b0f, type: 2}
      propertyPath: m_LocalRotation.y
      value: -0
      objectReference: {fileID: 0}
    - target: {fileID: 4009526583823958, guid: 6a2e2a8ed38700443a94ae89d8c59b0f, type: 2}
      propertyPath: m_LocalRotation.z
      value: -0
      objectReference: {fileID: 0}
    - target: {fileID: 4009526583823958, guid: 6a2e2a8ed38700443a94ae89d8c59b0f, type: 2}
      propertyPath: m_LocalRotation.w
      value: 1
      objectReference: {fileID: 0}
    - target: {fileID: 4009526583823958, guid: 6a2e2a8ed38700443a94ae89d8c59b0f, type: 2}
      propertyPath: m_RootOrder
      value: 15
      objectReference: {fileID: 0}
    - target: {fileID: 4009526583823958, guid: 6a2e2a8ed38700443a94ae89d8c59b0f, type: 2}
      propertyPath: m_LocalScale.x
      value: 3.65625
      objectReference: {fileID: 0}
    - target: {fileID: 1379732625070340, guid: 6a2e2a8ed38700443a94ae89d8c59b0f, type: 2}
      propertyPath: m_Name
      value: BrickPlatform (2)
      objectReference: {fileID: 0}
    m_RemovedComponents: []
  m_ParentPrefab: {fileID: 100100000, guid: 6a2e2a8ed38700443a94ae89d8c59b0f, type: 2}
  m_IsPrefabParent: 0
--- !u!1001 &1818031929
Prefab:
  m_ObjectHideFlags: 0
  serializedVersion: 2
  m_Modification:
    m_TransformParent: {fileID: 1098818793}
    m_Modifications:
    - target: {fileID: 4070441138494804, guid: eb3df466d0920a84e9d43ac40419d4d8, type: 2}
      propertyPath: m_LocalPosition.x
      value: 8.9
      objectReference: {fileID: 0}
    - target: {fileID: 4070441138494804, guid: eb3df466d0920a84e9d43ac40419d4d8, type: 2}
      propertyPath: m_LocalPosition.y
      value: -3.8
      objectReference: {fileID: 0}
    - target: {fileID: 4070441138494804, guid: eb3df466d0920a84e9d43ac40419d4d8, type: 2}
      propertyPath: m_LocalPosition.z
      value: 0
      objectReference: {fileID: 0}
    - target: {fileID: 4070441138494804, guid: eb3df466d0920a84e9d43ac40419d4d8, type: 2}
      propertyPath: m_LocalRotation.x
      value: 0
      objectReference: {fileID: 0}
    - target: {fileID: 4070441138494804, guid: eb3df466d0920a84e9d43ac40419d4d8, type: 2}
      propertyPath: m_LocalRotation.y
      value: 0
      objectReference: {fileID: 0}
    - target: {fileID: 4070441138494804, guid: eb3df466d0920a84e9d43ac40419d4d8, type: 2}
      propertyPath: m_LocalRotation.z
      value: 0.13052616
      objectReference: {fileID: 0}
    - target: {fileID: 4070441138494804, guid: eb3df466d0920a84e9d43ac40419d4d8, type: 2}
      propertyPath: m_LocalRotation.w
      value: 0.9914449
      objectReference: {fileID: 0}
    - target: {fileID: 4070441138494804, guid: eb3df466d0920a84e9d43ac40419d4d8, type: 2}
      propertyPath: m_RootOrder
      value: 5
      objectReference: {fileID: 0}
    - target: {fileID: 4070441138494804, guid: eb3df466d0920a84e9d43ac40419d4d8, type: 2}
      propertyPath: m_LocalEulerAnglesHint.z
      value: 15
      objectReference: {fileID: 0}
    - target: {fileID: 4070441138494804, guid: eb3df466d0920a84e9d43ac40419d4d8, type: 2}
      propertyPath: m_LocalScale.x
      value: 4.4783335
      objectReference: {fileID: 0}
    m_RemovedComponents: []
  m_ParentPrefab: {fileID: 100100000, guid: eb3df466d0920a84e9d43ac40419d4d8, type: 2}
  m_IsPrefabParent: 0
--- !u!4 &1896786678 stripped
Transform:
  m_PrefabParentObject: {fileID: 4009526583823958, guid: 6a2e2a8ed38700443a94ae89d8c59b0f,
    type: 2}
  m_PrefabInternal: {fileID: 399437681}
--- !u!1001 &1963988342
Prefab:
  m_ObjectHideFlags: 0
  serializedVersion: 2
  m_Modification:
    m_TransformParent: {fileID: 1098818793}
    m_Modifications:
    - target: {fileID: 4070441138494804, guid: eb3df466d0920a84e9d43ac40419d4d8, type: 2}
      propertyPath: m_LocalPosition.x
      value: -6.3
      objectReference: {fileID: 0}
    - target: {fileID: 4070441138494804, guid: eb3df466d0920a84e9d43ac40419d4d8, type: 2}
      propertyPath: m_LocalPosition.y
      value: 0.06
      objectReference: {fileID: 0}
    - target: {fileID: 4070441138494804, guid: eb3df466d0920a84e9d43ac40419d4d8, type: 2}
      propertyPath: m_LocalPosition.z
      value: 0
      objectReference: {fileID: 0}
    - target: {fileID: 4070441138494804, guid: eb3df466d0920a84e9d43ac40419d4d8, type: 2}
      propertyPath: m_LocalRotation.x
      value: 0
      objectReference: {fileID: 0}
    - target: {fileID: 4070441138494804, guid: eb3df466d0920a84e9d43ac40419d4d8, type: 2}
      propertyPath: m_LocalRotation.y
      value: 0
      objectReference: {fileID: 0}
    - target: {fileID: 4070441138494804, guid: eb3df466d0920a84e9d43ac40419d4d8, type: 2}
      propertyPath: m_LocalRotation.z
      value: 0
      objectReference: {fileID: 0}
    - target: {fileID: 4070441138494804, guid: eb3df466d0920a84e9d43ac40419d4d8, type: 2}
      propertyPath: m_LocalRotation.w
      value: 1
      objectReference: {fileID: 0}
    - target: {fileID: 4070441138494804, guid: eb3df466d0920a84e9d43ac40419d4d8, type: 2}
      propertyPath: m_RootOrder
      value: 7
      objectReference: {fileID: 0}
    - target: {fileID: 4070441138494804, guid: eb3df466d0920a84e9d43ac40419d4d8, type: 2}
      propertyPath: m_LocalEulerAnglesHint.z
      value: 0
      objectReference: {fileID: 0}
    - target: {fileID: 4070441138494804, guid: eb3df466d0920a84e9d43ac40419d4d8, type: 2}
      propertyPath: m_LocalScale.x
      value: 4.4783297
      objectReference: {fileID: 0}
    - target: {fileID: 1590079792597038, guid: eb3df466d0920a84e9d43ac40419d4d8, type: 2}
      propertyPath: m_Name
      value: One-Sided Platform (2)
      objectReference: {fileID: 0}
    m_RemovedComponents: []
  m_ParentPrefab: {fileID: 100100000, guid: eb3df466d0920a84e9d43ac40419d4d8, type: 2}
  m_IsPrefabParent: 0
--- !u!1001 &1967557080
Prefab:
  m_ObjectHideFlags: 0
  serializedVersion: 2
  m_Modification:
    m_TransformParent: {fileID: 1098818793}
    m_Modifications:
    - target: {fileID: 4388096069026880, guid: 3ac57200bc2c745408759b02c0a90897, type: 2}
      propertyPath: m_LocalPosition.x
      value: 0
      objectReference: {fileID: 0}
    - target: {fileID: 4388096069026880, guid: 3ac57200bc2c745408759b02c0a90897, type: 2}
      propertyPath: m_LocalPosition.y
      value: -7.3
      objectReference: {fileID: 0}
    - target: {fileID: 4388096069026880, guid: 3ac57200bc2c745408759b02c0a90897, type: 2}
      propertyPath: m_LocalPosition.z
      value: 0
      objectReference: {fileID: 0}
    - target: {fileID: 4388096069026880, guid: 3ac57200bc2c745408759b02c0a90897, type: 2}
      propertyPath: m_LocalRotation.x
      value: -0
      objectReference: {fileID: 0}
    - target: {fileID: 4388096069026880, guid: 3ac57200bc2c745408759b02c0a90897, type: 2}
      propertyPath: m_LocalRotation.y
      value: -0
      objectReference: {fileID: 0}
    - target: {fileID: 4388096069026880, guid: 3ac57200bc2c745408759b02c0a90897, type: 2}
      propertyPath: m_LocalRotation.z
      value: -0
      objectReference: {fileID: 0}
    - target: {fileID: 4388096069026880, guid: 3ac57200bc2c745408759b02c0a90897, type: 2}
      propertyPath: m_LocalRotation.w
      value: 1
      objectReference: {fileID: 0}
    - target: {fileID: 4388096069026880, guid: 3ac57200bc2c745408759b02c0a90897, type: 2}
      propertyPath: m_RootOrder
      value: 0
      objectReference: {fileID: 0}
    m_RemovedComponents: []
  m_ParentPrefab: {fileID: 100100000, guid: 3ac57200bc2c745408759b02c0a90897, type: 2}
  m_IsPrefabParent: 0
--- !u!4 &1967557081 stripped
Transform:
  m_PrefabParentObject: {fileID: 4388096069026880, guid: 3ac57200bc2c745408759b02c0a90897,
    type: 2}
  m_PrefabInternal: {fileID: 1967557080}
--- !u!1001 &1975644115
Prefab:
  m_ObjectHideFlags: 0
  serializedVersion: 2
  m_Modification:
    m_TransformParent: {fileID: 1098818793}
    m_Modifications:
    - target: {fileID: 4070441138494804, guid: eb3df466d0920a84e9d43ac40419d4d8, type: 2}
      propertyPath: m_LocalPosition.x
      value: 0
      objectReference: {fileID: 0}
    - target: {fileID: 4070441138494804, guid: eb3df466d0920a84e9d43ac40419d4d8, type: 2}
      propertyPath: m_LocalPosition.y
      value: 19.07
      objectReference: {fileID: 0}
    - target: {fileID: 4070441138494804, guid: eb3df466d0920a84e9d43ac40419d4d8, type: 2}
      propertyPath: m_LocalPosition.z
      value: 0
      objectReference: {fileID: 0}
    - target: {fileID: 4070441138494804, guid: eb3df466d0920a84e9d43ac40419d4d8, type: 2}
      propertyPath: m_LocalRotation.x
      value: -0
      objectReference: {fileID: 0}
    - target: {fileID: 4070441138494804, guid: eb3df466d0920a84e9d43ac40419d4d8, type: 2}
      propertyPath: m_LocalRotation.y
      value: -0
      objectReference: {fileID: 0}
    - target: {fileID: 4070441138494804, guid: eb3df466d0920a84e9d43ac40419d4d8, type: 2}
      propertyPath: m_LocalRotation.z
      value: -0
      objectReference: {fileID: 0}
    - target: {fileID: 4070441138494804, guid: eb3df466d0920a84e9d43ac40419d4d8, type: 2}
      propertyPath: m_LocalRotation.w
      value: 1
      objectReference: {fileID: 0}
    - target: {fileID: 4070441138494804, guid: eb3df466d0920a84e9d43ac40419d4d8, type: 2}
      propertyPath: m_RootOrder
      value: 16
      objectReference: {fileID: 0}
    - target: {fileID: 4070441138494804, guid: eb3df466d0920a84e9d43ac40419d4d8, type: 2}
      propertyPath: m_LocalEulerAnglesHint.z
      value: 0
      objectReference: {fileID: 0}
    - target: {fileID: 4070441138494804, guid: eb3df466d0920a84e9d43ac40419d4d8, type: 2}
      propertyPath: m_LocalScale.x
      value: 4.4783297
      objectReference: {fileID: 0}
    - target: {fileID: 1590079792597038, guid: eb3df466d0920a84e9d43ac40419d4d8, type: 2}
      propertyPath: m_Name
      value: One-Sided Platform (6)
      objectReference: {fileID: 0}
    m_RemovedComponents: []
  m_ParentPrefab: {fileID: 100100000, guid: eb3df466d0920a84e9d43ac40419d4d8, type: 2}
  m_IsPrefabParent: 0
--- !u!1001 &1994903782
Prefab:
  m_ObjectHideFlags: 0
  serializedVersion: 2
  m_Modification:
    m_TransformParent: {fileID: 1098818793}
    m_Modifications:
    - target: {fileID: 4457254530300670, guid: 518461df677c31244859bd6293875fdd, type: 2}
      propertyPath: m_LocalPosition.x
      value: 0
      objectReference: {fileID: 0}
    - target: {fileID: 4457254530300670, guid: 518461df677c31244859bd6293875fdd, type: 2}
      propertyPath: m_LocalPosition.y
      value: 201.67
      objectReference: {fileID: 0}
    - target: {fileID: 4457254530300670, guid: 518461df677c31244859bd6293875fdd, type: 2}
      propertyPath: m_LocalPosition.z
      value: 0
      objectReference: {fileID: 0}
    - target: {fileID: 4457254530300670, guid: 518461df677c31244859bd6293875fdd, type: 2}
      propertyPath: m_LocalRotation.x
      value: -0
      objectReference: {fileID: 0}
    - target: {fileID: 4457254530300670, guid: 518461df677c31244859bd6293875fdd, type: 2}
      propertyPath: m_LocalRotation.y
      value: -0
      objectReference: {fileID: 0}
    - target: {fileID: 4457254530300670, guid: 518461df677c31244859bd6293875fdd, type: 2}
      propertyPath: m_LocalRotation.z
      value: -0
      objectReference: {fileID: 0}
    - target: {fileID: 4457254530300670, guid: 518461df677c31244859bd6293875fdd, type: 2}
      propertyPath: m_LocalRotation.w
      value: 1
      objectReference: {fileID: 0}
    - target: {fileID: 4457254530300670, guid: 518461df677c31244859bd6293875fdd, type: 2}
      propertyPath: m_RootOrder
      value: 3
      objectReference: {fileID: 0}
    - target: {fileID: 1623824362229696, guid: 518461df677c31244859bd6293875fdd, type: 2}
      propertyPath: m_IsActive
      value: 1
      objectReference: {fileID: 0}
    m_RemovedComponents: []
  m_ParentPrefab: {fileID: 100100000, guid: 518461df677c31244859bd6293875fdd, type: 2}
  m_IsPrefabParent: 0
--- !u!114 &2048305811 stripped
MonoBehaviour:
  m_PrefabParentObject: {fileID: 114902791139065310, guid: 6f2ff6e1759c00a4380213af256380cf,
    type: 2}
  m_PrefabInternal: {fileID: 198252360}
  m_Script: {fileID: 11500000, guid: 59db09b53cc7b844a8edc72c77c66865, type: 3}
